%% This BibTeX bibliography file was created using BibDesk.
%% https://bibdesk.sourceforge.io/

%% Created for Cristobal QUININAO at 2021-03-16 16:30:59 -0300 


%% Saved with string encoding Unicode (UTF-8) 



@article{haykin2004comprehensive,
	Author = {Haykin, Simon and Network, N},
	Date-Added = {2021-03-16 16:30:58 -0300},
	Date-Modified = {2021-03-16 16:30:58 -0300},
	Journal = {Neural networks},
	Number = {2004},
	Pages = {41},
	Title = {A comprehensive foundation},
	Volume = {2},
	Year = {2004}}

@article{wolff2019machine,
	Author = {Wolff, Patricio and Gra{\~n}a, Manuel and R{\'\i}os, Sebasti{\'a}n A and Yarza, Maria Bego{\~n}a},
	Date-Added = {2021-03-16 16:16:21 -0300},
	Date-Modified = {2021-03-16 16:16:21 -0300},
	Journal = {BioMed research international},
	Publisher = {Hindawi},
	Title = {Machine learning readmission risk modeling: a pediatric case study},
	Volume = {2019},
	Year = {2019}}

@book{balas2019handbook,
	Author = {Balas, Valentina Emilia and Roy, Sanjiban Sekhar and Sharma, Dharmendra and Samui, Pijush},
	Date-Added = {2021-03-16 15:59:33 -0300},
	Date-Modified = {2021-03-16 15:59:33 -0300},
	Publisher = {Springer},
	Title = {Handbook of deep learning applications},
	Volume = {136},
	Year = {2019}}

@article{witten2002data,
	Author = {Witten, Ian H and Frank, Eibe},
	Date-Added = {2021-03-16 15:56:08 -0300},
	Date-Modified = {2021-03-16 15:56:08 -0300},
	Journal = {Acm Sigmod Record},
	Number = {1},
	Pages = {76--77},
	Publisher = {ACM New York, NY, USA},
	Title = {Data mining: practical machine learning tools and techniques with Java implementations},
	Volume = {31},
	Year = {2002}}

@book{vapnik2013nature,
	Author = {Vapnik, Vladimir},
	Date-Added = {2021-03-16 15:55:27 -0300},
	Date-Modified = {2021-03-16 15:55:27 -0300},
	Publisher = {Springer science \& business media},
	Title = {The nature of statistical learning theory},
	Year = {2013}}

@article{chawla2002smote,
	Author = {Chawla, Nitesh V and Bowyer, Kevin W and Hall, Lawrence O and Kegelmeyer, W Philip},
	Date-Added = {2021-03-16 15:46:59 -0300},
	Date-Modified = {2021-03-16 15:46:59 -0300},
	Journal = {Journal of artificial intelligence research},
	Pages = {321--357},
	Title = {SMOTE: synthetic minority over-sampling technique},
	Volume = {16},
	Year = {2002}}

@article{artetxe2020balanced,
	Author = {Artetxe, Arkaitz and Grana, Manuel and Beristain, Andoni and R{\'\i}os, Sebasti{\'a}n},
	Date-Added = {2021-03-16 15:46:29 -0300},
	Date-Modified = {2021-03-16 15:46:29 -0300},
	Journal = {Neural Computing and Applications},
	Number = {10},
	Pages = {5735--5744},
	Publisher = {Springer},
	Title = {Balanced training of a hybrid ensemble method for imbalanced datasets: a case of emergency department readmission prediction},
	Volume = {32},
	Year = {2020}}

@incollection{talabis2015analytics,
	Author = {Talabis, MRM and McPherson, R and Miyamoto, I and Martin, JL and Kaye, D},
	Booktitle = {Information Security Analytics},
	Date-Added = {2021-01-28 10:22:06 -0300},
	Date-Modified = {2021-01-28 10:22:06 -0300},
	Pages = {1--12},
	Publisher = {Syngress},
	Title = {Analytics defined},
	Year = {2015}}

@article{cortes1995support,
	Author = {Cortes, Corinna and Vapnik, Vladimir},
	Date-Added = {2021-01-20 11:03:21 -0300},
	Date-Modified = {2021-01-20 11:03:21 -0300},
	Journal = {Machine learning},
	Number = {3},
	Pages = {273--297},
	Publisher = {Springer},
	Title = {Support-vector networks},
	Volume = {20},
	Year = {1995}}

@article{maimon2005data,
	Author = {Maimon, Oded and Rokach, Lior},
	Date-Added = {2021-01-20 11:01:42 -0300},
	Date-Modified = {2021-01-20 11:01:42 -0300},
	Publisher = {Springer},
	Title = {Data mining and knowledge discovery handbook},
	Year = {2005}}

@article{evgeniou2005generalized,
	Author = {Evgeniou, Theodoros and Boussios, Constantinos and Zacharia, Giorgos},
	Date-Added = {2020-07-13 15:14:41 -0400},
	Date-Modified = {2020-07-13 15:14:41 -0400},
	Journal = {Marketing Science},
	Number = {3},
	Pages = {415--429},
	Publisher = {INFORMS},
	Title = {Generalized robust conjoint estimation},
	Volume = {24},
	Year = {2005}}

@inproceedings{chapelle2005machine,
	Author = {Chapelle, Olivier and Harchaoui, Za{\"\i}d},
	Booktitle = {Advances in neural information processing systems},
	Date-Added = {2020-07-13 15:13:03 -0400},
	Date-Modified = {2020-07-13 15:13:03 -0400},
	Pages = {257--264},
	Title = {A machine learning approach to conjoint analysis},
	Year = {2005}}

@article{vapnik1991necessary,
	Author = {Vapnik, Vladimir and Chervonenkis, Alexey},
	Date-Added = {2020-07-13 15:10:32 -0400},
	Date-Modified = {2020-07-13 15:10:32 -0400},
	Journal = {Pattern Recognition and Image Analysis},
	Number = {3},
	Pages = {283--305},
	Title = {The necessary and sufficient conditions for consistency in the empirical risk minimization method},
	Volume = {1},
	Year = {1991}}

@article{maldonado2015advanced,
	Author = {Maldonado, Sebasti{\'a}n and Montoya, Ricardo and Weber, Richard},
	Date-Added = {2020-07-13 14:20:45 -0400},
	Date-Modified = {2020-07-13 14:20:45 -0400},
	Journal = {European Journal of Operational Research},
	Number = {2},
	Pages = {564--574},
	Publisher = {Elsevier},
	Title = {Advanced conjoint analysis using feature selection via support vector machines},
	Volume = {241},
	Year = {2015}}
